@article{Ambrose2012,
author = {Ambrose, William G. and Renaud, Paul E and Locke, William L. and Cottier, Finlo R and Berge, J and Carroll, Michael L and Levin, Benjamin and Ryan, Stuart},
journal = {Polar Biol},
pages = {345--354},
title = {{Growth line deposition and variability in growth of two circumpolar bivalves (\textit{Serripes groenlandicus}, and \textit{Clinocardium ciliatum})}},
url = {http://link.springer.com/10.1007/s00300-011-1080-4},
volume = {35},
year = {2011}
}
@article{Baddeley2005,
author = {Baddeley, Adrian and Turner, Rolf},
journal = {J Stat Softw},
pages = {1--42},
title = {{Spatstat: an R package for analyzing spatial point patterns}},
url = {http://www.jstatsoft.org/v12/i06},
volume = {12},
year = {2005}
}
@article{Beelaerts2008,
author = {Beelaerts, Veerle and Ridder, Fjo and Schmitz, Nele and Bauwens, Maite and Dehairs, Frank and Schoukens, Johan and Pintelon, Rik},
doi = {10.1007/s11004-008-9193-1},
journal = {Math Geosci},
pages = {129--144},
title = {{On the elimination of bias averaging-errors in proxy records}},
url = {http://www.springerlink.com/index/10.1007/s11004-008-9193-1},
volume = {41},
year = {2008}
}
@article{Goodwin2004,
author = {Goodwin, D and Flessa, K and Tellezduarte, M and Dettman, D and Sch\"{o}ne, Bernd R and Avilaserrano, G},
journal = {Palaeogeogr Palaeoclimatol Palaeoecol},
pages = {1--21},
title = {{Detecting time-averaging and spatial mixing using oxygen isotope variation: a case study}},
url = {http://linkinghub.elsevier.com/retrieve/pii/S0031018203007521},
volume = {205},
year = {2004}
}
@incollection{Masson-Delmotte2013,
address = {Cambridge, UK and New York, NY, USA},
author = {Masson-Delmotte, V. and Schulz, M. and Abe-Ouchi, A. and Beer, J. and Ganopolski, A. and Rouco, J.F. Gonz\'{a}lez and Jansen, E. and Lambeck, K. and Luterbacher, J. and Naish, T. and Osborn, T. and Otto-Bliesner, B. and Quinn, T. and Ramesh, R. and Rojas, M. and Shao, X. and Timmermann, A.},
booktitle = {Climate Change 2013: The Physical Science Basis Contribution of Working Group I to the Fifth Assessment Report of the Intergovernmental Panel on Climate Change},
chapter = {5},
editor = {Stocker, T.F. and Qin, D. and Plattner, G.-K. and Tignor, M. and Allen, S.K. and Boschung, J. and Nauels, A. and Xia, Y. and Bex, V. and Midgley, P.M.},
pages = {383--464},
publisher = {Cambridge University Press},
title = {{Information from paleoclimate archives}},
year = {2013}
}
@article{Proctor2000,
author = {Proctor, C. J. and Baker, A. and Barnes, W. L. and Gilmour, M. A.},
journal = {Clim Dyn},
pages = {815--820},
title = {{A thousand year speleothem proxy record of North Atlantic climate from Scotland}},
url = {http://link.springer.com/10.1007/s003820000077},
volume = {16},
year = {2000}
}
@misc{R2014,
address = {Vienna, Austria},
author = {{R Core Team}},
publisher = {R Foundation for Statistical Computing},
title = {{R: A language and environment for statistical computing. R Foundation for Statistical Computing, Vienna, Austria}},
url = {http://www.r-project.org},
year = {2016}
}
@article{Schneider2012,
author = {Schneider, Caroline A. and Rasband, Wayne S and Eliceiri, Kevin W},
journal = {Nat Methods},
pages = {671--675},
title = {{NIH Image to ImageJ: 25 years of image analysis}},
url = {http://www.nature.com/doifinder/10.1038/nmeth.2089},
volume = {9},
year = {2012}
}
@article{Schone2008,
author = {Sch\"{o}ne, Bernd R},
journal = {Geo-Marine Lett},
pages = {269--285},
title = {{The curse of physiology -- challenges and opportunities in the interpretation of geochemical data from mollusk shells}},
url = {http://link.springer.com/10.1007/s00367-008-0114-6},
volume = {28},
year = {2008}
}
@article{Schone2005a,
author = {Sch\"{o}ne, Bernd R. and Houk, S. D. and {Freyre Castro}, A. D. and Fiebig, J. and Oschmann, W. and Kr\"{o}ncke, I. and Dreyer, W. and Gosselck, F.},
journal = {Palaios},
pages = {78--92},
title = {{Daily growth rates in shells of \textit{Arctica islandica}: Assessing sub-seasonal environmental controls on a long-lived bivalve mollusk}},
url = {http://palaios.sepmonline.org/cgi/doi/10.2110/palo.2003.p03-101},
volume = {20},
year = {2005}
}
@article{Sejr2002,
author = {Sejr, M K and Jensen, K T and Rysgaard, S},
journal = {Polar Biol},
language = {English},
pages = {794--796},
title = {{Annual growth bands in the bivalve \textit{Hiatella arctica} validated by a mark-recapture study in NE Greenland}},
url = {http://dx.doi.org/10.1007/s00300-002-0413-8},
volume = {25},
year = {2002}
}
@misc{RImageJROI,
author = {Sterratt, David C and Vihtakari, Mikko},
title = {{RImageJROI: read ImageJ Region of Interest (ROI) files. R package varsion 0.1.1}},
url = {http://cran.r-project.org/package=RImageJROI},
year = {2015}
}
@phdthesis{Vihtakari2014,
author = {Vihtakari, Mikko},
pages = {235},
school = {UiT The Arctic University of Norway},
title = {{Bivalves as indicators of environmental perturbations related to climate and ocean acidification}},
type = {PhD thesis},
url = {http://hdl.handle.net/10037/7152},
year = {2014}
}
@article{d18O_paper,
author = {Vihtakari, Mikko and Renaud, Paul E and Clarke, Leon J. and Whitehouse, Martin J. and Hop, Haakon and Carroll, Michael L. and {Ambrose Jr}, William G.},
journal = {Palaeogeogr Palaeoclimatol Palaeoecol},
title = {{Decoding the oxygen isotope signal for seasonal growth patterns in Arctic bivalves}},
url = {http://dx.doi.org/10.1016/j.palaeo.2016.01.008},
year = {2016}
}
@article{Wickham2011,
author = {Wickham, Hadley},
journal = {J Stat Softw},
pages = {1--29},
title = {{The Split-Apply-Combine Strategy for Data Analysis}},
url = {http://www.jstatsoft.org/v40/i01},
volume = {40},
year = {2011}
}
